0100001    00001EUR2 00000000001  010106                                                  00000000012390                
0400001000100001EUR2 000000000010105010600050106PLUS 10 EUROS                    0000001000000000000100{                
0500001000100001EUR2 0000000000101050106     XXXINFOS COMPLEMENTAIRES                                                   
0400001000100001EUR3 000000000010105010600050106PLUS 5 EUROS 001 CENT            0000002000000000000500A                
0400001000100001EUR3 000000000010105010600050106MOINS 5 EUROS 001 CENT           0000003000000000000500J                
0400001000100001EUR2 000000000010105010600050106MOINS 10 EUROS                   0000004000000000000100}                
0700001    00001EUR2 00000000001  010206                                                  00000000012390                